% Encoding: UTF-8

@Article{Castillo2004,
  author   = {José Antonio Lamotte Castillo},
  title    = {Infección-enfermedad por VIH-SIDA},
  journal  = {MEDISAN},
  year     = {2004},
  volume   = {8},
  number   = {4},
  pages    = {49-63},
  abstract = {RESUMEN
Se hizo una revisión bibliográfica sobre infección-enfermedad por VIH/SIDA,
dada la importancia del tema y el incremento del número de personas viviendo
con dicho proceso a escala mundial. En el artículo se tratan aspectos
concernientes a concepto, antecedentes, causas, serotipos, epidemiología,
diagnóstico, manifestaciones clínicas, tratamiento y otros, que amplían y
actualizan la información al respecto.
Descriptores: SÍNDROME DE INMUNODEFICIENCIA ADQUIRIDA; HTLV-III;
ENFERMEDADES SEXUALMENTE TRANSMISIBLES; INFECCIONES POR
RETROVIRUS
Límites: HUMANO, FEMENINO, MASCULINO},
  url      = {http://www.bvs.sld.cu/revistas/san/vol8_4_04/san06404.pdf},
}

@Article{LinaMariaVera2004,
  author   = {Lina María Vera, M.D., Nahyr López, Ing, M.Sc., Nelsy Dayana Ariza, Luz Mary Díaz, Yaneth Flórez, Sahira Gimena Franco3; Socorro Isaza, Diana Patricia Marciales, Nelly Ortiz, Juliana Rueda, Laura Juliana Torres},
  title    = {Asociación entre el área de estudio y los conocimientos y comportamientos frente a la transmisión del VIH/SIDA en los estudiantes de la Universidad Industrial de Santander},
  journal  = {Colombia Médica},
  year     = {2004},
  volume   = {35},
  number   = {2},
  pages    = {62-68},
  abstract = {Antecedentes: El VIH/SIDA es una pandemia. Las estadísticas actuales muestran que los
jóvenes entre 15 y 24 años son los más vulnerables. En Colombia, 7,497 jóvenes entre 10
y 30 años de edad viven con VIH/SIDA.
Objetivo: Determinar la asociación entre el área de estudio y los conocimientos y
comportamientos respecto a la transmisión del VIH/SIDA en los estudiantes de la
Universidad Industrial de Santander.
Metodología: Estudio analítico de corte transversal con muestreo estratificado. Encuesta
sobre conocimientos y comportamientos relacionados con la transmisión del VIH/SIDA
a 213 estudiantes de las áreas de estudio de salud, ciencias básicas, ingenierías y
humanidades. El análisis estadístico aplicó regresión logística.
Resultados: Se estudiaron 101 mujeres y 112 hombres con edad promedio de 22 años;
13.2% de salud, 27.2% de ciencias básicas, 30.0% de ingenierías y 29.6% de humanidades.
La mayoría conoce las vías de transmisión del VIH, 19% no considera que tener
relaciones sexuales bajo efecto del alcohol sea práctica riesgosa para adquirirlo; 96%
sabe que el condón se debe usar durante toda la relación sexual; 79.8% había tenido
relaciones sexuales; sólo 26.4% de ellos dijo usar siempre condón. Los estudiantes de
salud obtuvieron el mayor promedio de respuestas correctas con diferencias
estadísticamente significativas con respecto a los promedios de los estudiantes de las otras
áreas. La asociación entre comportamientos y área de estudio informó, que comparados
con los de salud, los estudiantes de humanidades tuvieron un riesgo significativamente
mayor de tener comportamientos inadecuados con respecto a la transmisión del VIH.
Conclusiones: Aunque esta población tiene adecuados conocimientos sobre la enfermedad,
presenta comportamientos riesgosos para infectarse con el VIH. Los estudiantes del
área de humanidades deben ser objeto de un programa de prevención de infección por VIH
orientado a sus características particulares.},
  url      = {http://colombiamedica.univalle.edu.co/index.php/comedica/article/view/289},
}

@Article{Sepulveda-Amor1995,
  author  = {Sepúlveda-Amor J, Del Río-Zolezzi A, Valdespino-Gómez JL, García-García ML, Velázquez-Velázquez L, Volkow P.},
  title   = {La estrategia de prevención de la transmisión del VIH/SIDA a través de la sangre y sus derivados en México},
  journal = {Salud Pública de México},
  year    = {1995},
  volume  = {37},
  pages   = {624-635},
  url     = {http://www.saludpublica.mx/index.php/spm/article/view/5890/6639},
}

@Book{AmoJ2017,
  title     = {VIH en España 2017: Políticas para una nueva gestión de la cronicidad, más allá del control virológico.},
  publisher = {Juan E. del Llano Señarís},
  year      = {2017},
  author    = {del Amo J, Brañas F, Serrano S, Morillo R, Marrugat J, Fernández E, et al.},
  editor    = {Fundación Gaspar Casal},
  isbn      = {978-84-697-3653-1},
  url       = {http://www.fgcasal.org/publicaciones/VIH-en-Espana-2017.pdf},
}

@Book{Herrera2004,
  title     = {Manual de nutrición y VIH},
  publisher = {Dirección General de Drogodependencias y Sida},
  year      = {2004},
  author    = {Marta Herrera, Ana Guelar, Susan Johnston},
  editor    = {Ana Delia García},
  edition   = {1ª},
  note      = {Depósito legal: B-45.951-2003},
}

@Article{Marco2012,
  author   = {Marco A, Saiz de la Hoya P, García-GuerreroJ y Grupo PREVALHEP},
  title    = {Estudio Multicéntrico de Prevalencia de Infección por el VIH y factores asociados en las prisiones de España},
  journal  = {Esp Sanid Penit},
  year     = {2012},
  volume   = {14},
  pages    = {19-27},
  note     = {Servicios Sanitarios del Centro Penitenciario de Hombres de Barcelona, Centro Penitenciario de Alicante I y Centro Penitenciario de Castellón I.},
  abstract = {Objetivo: Determinar la prevalencia y factores asociados de infección por VIH en presos de España.
Material y método: Estudio observacional y transversal (junio 2008). Se determinó para 62.000 internos una “n” de 364
(variabilidad 5%, error α 5% y corrección 10% por posibles pérdidas). Se seleccionaron aleatoriamente 18 prisiones y 21 internos/prisión.
Medida de frecuencia: prevalencia. Magnitud de la asociación: odds ratio de prevalencia (ORp) con IC del 95%.
Nivel de significación estadística p< 0,05.
Resultados: Se estudiaron 371 presos (91,6% varones, 66,9% ≤ 40 años, 60,6% español, 23,5% UDI y 71,2% encarcelado<
5 años). La prevalencia de VIH fue del 10,8% (IC: 7,5-14). El 85% estaba coinfectado con VHC, el 12,5% con VHB y VHC
y el 63,2% con el M. tuberculosis, que representa una proporción para la población penitenciaria del 9,2%, 1,3% y 6,7%, respectivamente.
Se asoció ser VIH+ a tener >40 años (p<0,01); estar preso >5 años (p<0,001); no ser árabe (p<0.01); ser español
(p<0,001); ser UDI (p<0,001); estar coinfectado con VHC (p<0,001) y estar coinfectado con VHB (p<0,001]. El análisis multivariante
confirmó la asociación con: a) tener ≥40 años [OR= 2,66 (IC:1,16-6,07), b) ser UDI [OR=28,08 (IC:9,61-81,99); c) estar
infectado por el VHC [OR=6,96 (IC:1,90-25,39)]; y d) estar infectado por el VHB [OR= 13,52 (IC=1,76-103,82)].
Conclusión: La prevalencia de infección por VIH en presos de España es del 10,8%. Los infectados suelen ser UDI y mayores
de 40 años. El 85% está coinfectado con el VHC y el 12,5% con el VHB y VHC.
Palabras clave: Prisiones; Epidemiología; Prevalencia; Anticuerpos anti-VIH; Serodiagnóstico del sida; Prisioneros; VIH},
  url      = {http://scielo.isciii.es/pdf/sanipe/v14n1/04_original3.pdf},
}

@Conference{Ferri2002,
  author       = {C. Margarit Ferri},
  title        = {TRATAMIENTO DE LAS NEUROPATÍAS DOLOROSAS ASOCIADAS A LA INFECCIÓN POR VIH},
  year         = {2002},
  pages        = {11-35},
  organization = {Servicio de Anestesia, Reanimación y Terapia del Dolor. Hospital General Universitario Alicante},
}

@Article{Benito2014,
  author  = {Emilio de Benito},
  title   = {El VIH se expande en España pese a los programas de prevención},
  journal = {EL PAÍS},
  year    = {2014},
  url     = {https://elpais.com/politica/2014/11/26/actualidad/1416997680_947973.html},
}

@Article{Wikipedia2018,
author = {Wikipedia},
title = {Virus de la inmunodeficiencia humana},
year = {2018},
OPTnote = {En Wikipedia recuperado el 15/10/2018},
}

@InProceedings{Molina2018,
author = {José A. Perez Molina},
title = {Situación actual de la epidemia
por VIH en España},
booktitle = {Consejo General de Colegios Oficiales de Farmacéuticos},
OPTpages = {1-17},
OPTyear = {2018},
OPTmonth = {Febrero},
}

@Article{Kirschner1996,
  author  = {Denise Kirschner},
  title   = {Using Mathematics to Understand HIV Immune Dynamics},
  journal = {NOTICE OF THE AMS},
  year    = {1996},
  volume  = {43},
  number  = {2},
  pages   = {191-202},
  month   = {February},
  url     = {http://www.ams.org/notices/199602/kirschner.pdf},
}

@Comment{jabref-meta: databaseType:bibtex;}
